@inproceedings{GBBSP23,
  author    = {Mathieu Guillame{-}Bert and
               Sebastian Bruch and
               Richard Stotz and
               Jan Pfeifer},
  title     = {Yggdrasil Decision Forests: {A} Fast and Extensible Decision Forests
               Library},
  booktitle = {Proceedings of the 29th {ACM} {SIGKDD} Conference on Knowledge Discovery
               and Data Mining, {KDD} 2023, Long Beach, CA, USA, August 6-10, 2023},
  pages     = {4068--4077},
  year      = {2023},
  url       = {https://doi.org/10.1145/3580305.3599933},
  doi       = {10.1145/3580305.3599933}
}
@article{XGKD23,
  author  = {Xenakis, Ioannis and Gavalas, Damianos and Kasapakis, Vlasios and Dzardanova, Elena and Vosinakis, Spyros},
  year    = {2023},
  month   = {06},
  pages   = {1-71},
  title   = {Non-Verbal Communication in Immersive Virtual Reality through the Lens of Presence: A Critical Review},
  volume  = {31},
  journal = {PRESENCE: Virtual and Augmented Reality},
  doi     = {10.1162/pres_a_00387}
}

@misc{VRCHATSDK,
  title        = {VR Chat Full-Body Tracking},
  author       = {VRChat, Inc},
  year         = 2024,
  note         = {Accessed: (03/05/2025)},
  howpublished = {\url{https://docs.vrchat.com/docs/full-body-tracking}}
}

@article{NOVE,
  author  = {Ellis, Stephen R.},
  year    = {1991},
  month   = {05},
  pages   = {321-347},
  title   = {Nature and origins of virtual environments: a bibliographical essay},
  volume  = {2},
  journal = {Computing Systems in Engineering},
  doi     = {https://doi.org/10.1016/0956-0521(91)90001-L}
}

@article{FPPS,
  author  = {Van Brakel, Vincent and Barreda-√Ångeles, Miguel and Hartmann, Tilo},
  year    = {2023},
  month   = {02},
  title   = {Feelings of presence and perceived social support in social virtual reality platforms},
  volume  = {139},
  journal = {Computers in Human Behavior},
  doi     = {https://doi.org/10.1016/j.chb.2022.107523}
}

@article{MRPI,
  author  = {Wilkinson, Michael and Brantley, Sean and Feng, Jing},
  year    = {2021},
  month   = {09},
  title   = {A Mini Review of Presence and Immersion in Virtual Reality},
  journal = {Human Factors and Ergonomics Society},
  doi     = {10.1177/1071181321651148}
}

@article{GVR,
  author  = {Pallavicini, Federica and Pepe, Alessandro and Minissi, Maria Eleonora},
  year    = {2019},
  month   = {04},
  pages   = {136-159},
  title   = {Gaming in Virtual Reality: What Changes in Terms of Usability, Emotional Response and Sense of Presence Compared to Non-Immersive Video Games?},
  volume  = {50},
  journal = {SIMULATION AND GAMING},
  doi     = {https://doi.org/10.1177/1046878119831420}
}

@misc{MCUINFO,
  title        = {CMU Graphics Lab Motion Capture Database},
  author       = {Carnegie Mellon, University},
  year         = 2003,
  note         = {Accessed: (04/05/2025)},
  howpublished = {\url{https://mocap.cs.cmu.edu/info.php}}
}

@misc{SGE,
  title         = {On the relevance of the Godot Engine in the indie game development industry},
  author        = {Holfeld, Julian},
  year          = {2024},
  eprint        = {2401.01909},
  archiveprefix = {arXiv},
  primaryclass  = {cs.OH},
  url           = {https://arxiv.org/abs/2401.01909}
}
@misc{tensorflow2015-whitepaper,
  title  = { {TensorFlow}: Large-Scale Machine Learning on Heterogeneous Systems},
  url    = {https://www.tensorflow.org/},
  note   = {Software available from tensorflow.org},
  author = {
            Mart\'{i}n~Abadi and
            Ashish~Agarwal and
            Paul~Barham and
            Eugene~Brevdo and
            Zhifeng~Chen and
            Craig~Citro and
            Greg~S.~Corrado and
            Andy~Davis and
            Jeffrey~Dean and
            Matthieu~Devin and
            Sanjay~Ghemawat and
            Ian~Goodfellow and
            Andrew~Harp and
            Geoffrey~Irving and
            Michael~Isard and
            Yangqing Jia and
            Rafal~Jozefowicz and
            Lukasz~Kaiser and
            Manjunath~Kudlur and
            Josh~Levenberg and
            Dandelion~Man\'{e} and
            Rajat~Monga and
            Sherry~Moore and
            Derek~Murray and
            Chris~Olah and
            Mike~Schuster and
            Jonathon~Shlens and
            Benoit~Steiner and
            Ilya~Sutskever and
            Kunal~Talwar and
            Paul~Tucker and
            Vincent~Vanhoucke and
            Vijay~Vasudevan and
            Fernanda~Vi\'{e}gas and
            Oriol~Vinyals and
            Pete~Warden and
            Martin~Wattenberg and
            Martin~Wicke and
            Yuan~Yu and
            Xiaoqiang~Zheng},
  year   = {2015}
}
@misc{olston2017tensorflowservingflexiblehighperformanceml,
  title         = {TensorFlow-Serving: Flexible, High-Performance ML Serving},
  author        = {Christopher Olston and Noah Fiedel and Kiril Gorovoy and Jeremiah Harmsen and Li Lao and Fangwei Li and Vinu Rajashekhar and Sukriti Ramesh and Jordan Soyke},
  year          = {2017},
  eprint        = {1712.06139},
  archiveprefix = {arXiv},
  primaryclass  = {cs.DC},
  url           = {https://arxiv.org/abs/1712.06139}
}
@inproceedings{Ansel_PyTorch_2_Faster_2024,
  author    = {Ansel, Jason and Yang, Edward and He, Horace and Gimelshein, Natalia and Jain, Animesh and Voznesensky, Michael and Bao, Bin and Bell, Peter and Berard, David and Burovski, Evgeni and Chauhan, Geeta and Chourdia, Anjali and Constable, Will and Desmaison, Alban and DeVito, Zachary and Ellison, Elias and Feng, Will and Gong, Jiong and Gschwind, Michael and Hirsh, Brian and Huang, Sherlock and Kalambarkar, Kshiteej and Kirsch, Laurent and Lazos, Michael and Lezcano, Mario and Liang, Yanbo and Liang, Jason and Lu, Yinghai and Luk, CK and Maher, Bert and Pan, Yunjie and Puhrsch, Christian and Reso, Matthias and Saroufim, Mark and Siraichi, Marcos Yukio and Suk, Helen and Suo, Michael and Tillet, Phil and Wang, Eikan and Wang, Xiaodong and Wen, William and Zhang, Shunting and Zhao, Xu and Zhou, Keren and Zou, Richard and Mathews, Ajit and Chanan, Gregory and Wu, Peng and Chintala, Soumith},
  booktitle = {29th ACM International Conference on Architectural Support for Programming Languages and Operating Systems, Volume 2 (ASPLOS '24)},
  doi       = {10.1145/3620665.3640366},
  month     = apr,
  publisher = {ACM},
  title     = {{PyTorch 2: Faster Machine Learning Through Dynamic Python Bytecode Transformation and Graph Compilation}},
  url       = {https://pytorch.org/assets/pytorch2-2.pdf},
  year      = {2024}
}

@article{scikit-learn,
  title   = {Scikit-learn: Machine Learning in {P}ython},
  author  = {Pedregosa, F. and Varoquaux, G. and Gramfort, A. and Michel, V.
             and Thirion, B. and Grisel, O. and Blondel, M. and Prettenhofer, P.
             and Weiss, R. and Dubourg, V. and Vanderplas, J. and Passos, A. and
             Cournapeau, D. and Brucher, M. and Perrot, M. and Duchesnay, E.},
  journal = {Journal of Machine Learning Research},
  volume  = {12},
  pages   = {2825--2830},
  year    = {2011}
}